@misc{autopilot,
  title = {Tecnologia 'Autopilot'},
  howpublished = {\url{https://www.tesla.com/autopilotAI}},
  note = {Acessado: 2020-03-16}
}

@misc{crash,
  title = {Acidente Fatal do Tesla Model X},
  howpublished = {\url{https://www.bbc.com/news/world-us-canada-43604440}},
  note = {Acessado: 2020-03-16}
}

@misc{data,
  title = {Relatório de Acidentes},
  howpublished = {\url{https://www.tesla.com/VehicleSafetyReport}},
  note = {Acessado: 2020-03-16}
}

@misc{estat,
  title = {Estatística de Acidentes},
  howpublished = {\url{https://www.forbes.com/sites/bradtempleton/2020/10/28/new-tesla-autopilot-statistics-show-its-almost-as-safe-driving-with\\-it-as-without/?sh=23b7dc117945}},
  note = {Acessado: 2020-03-16}
}

